@misc{nextjs,
    title = "Nextjs, The React Framework for Production",
    url = "https://nextjs.org/"
}

@mise{reactjs,
    title = "React, A JavaScript library for building user interfaces",
    url = "https://reactjs.org/"
}

@misc{nestjs,
    title = "Nestjs, A progressive Node.js framework for building efficient, reliable and scalable server-side applications.",
    url = "https://nestjs.com/"
}

@misc{nodejs, 
    title = "Node.jsÂ® is a JavaScript runtime built on Chrome's V8 JavaScript engine",
    url = "https://nodejs.org/"
}

@misc{dataloader,
    title = "DataLoader",
    url = "https://github.com/graphql/dataloader"
}

@misc{graphql,
    title = "GraphQL, A query language for your API",
    url = "https://graphql.org/"
}

@misc{mysql,
    title = "MySQL",
    url = "https://www.mysql.com/"
}

@misc{docker,
    title = "Docker",
    url = "https://www.docker.com/"
}

@misc{kubernetes,
    title = "Kubernetes",
    url = "https://kubernetes.io/"
}
